%YAML 1.1
%TAG !u! tag:unity3d.com,2011:
--- !u!241 &24100000
AudioMixerController:
  m_ObjectHideFlags: 0
  m_PrefabParentObject: {fileID: 0}
  m_PrefabInternal: {fileID: 0}
  m_Name: MainMixer
  m_OutputGroup: {fileID: 0}
  m_MasterGroup: {fileID: 24300002}
  m_Snapshots:
  - {fileID: 24500006}
  m_StartSnapshot: {fileID: 24500006}
  m_SuspendThreshold: -80
  m_EnableSuspend: 1
  m_UpdateMode: 0
  m_ExposedParameters: []
  m_AudioMixerGroupViews:
  - guids:
    - 4516661bbdacd44408402c81a5a4d572
    - 6fc3f25133c87ea4799e090c360978e7
    - c40c7379fddf28a4c9e7f67c1b1b1193
    - 430e234538e844746bf8c8007b6d20eb
    name: View
  m_CurrentViewIndex: 0
  m_TargetSnapshot: {fileID: 24500006}
--- !u!243 &24300002
AudioMixerGroupController:
  m_ObjectHideFlags: 0
  m_PrefabParentObject: {fileID: 0}
  m_PrefabInternal: {fileID: 0}
  m_Name: Master
  m_AudioMixer: {fileID: 24100000}
  m_GroupID: 4516661bbdacd44408402c81a5a4d572
  m_Children:
  - {fileID: 243538955812020760}
  - {fileID: 243014524977941448}
  - {fileID: 243568862594262872}
  m_Volume: 7f440df52c097d44d94037f32008e233
  m_Pitch: 77fb8135781fb91459fa83905d51e0ce
  m_Effects:
  - {fileID: 24400004}
  m_UserColorIndex: 0
  m_Mute: 0
  m_Solo: 0
  m_BypassEffects: 0
--- !u!244 &24400004
AudioMixerEffectController:
  m_ObjectHideFlags: 3
  m_PrefabParentObject: {fileID: 0}
  m_PrefabInternal: {fileID: 0}
  m_Name: 
  m_EffectID: d0127e4fd5d0910449118c6d91277b48
  m_EffectName: Attenuation
  m_MixLevel: 03adf8fc2c5df5444b1f1ebef595ae63
  m_Parameters: []
  m_SendTarget: {fileID: 0}
  m_EnableWetMix: 0
  m_Bypass: 0
--- !u!245 &24500006
AudioMixerSnapshotController:
  m_ObjectHideFlags: 0
  m_PrefabParentObject: {fileID: 0}
  m_PrefabInternal: {fileID: 0}
  m_Name: Snapshot
  m_AudioMixer: {fileID: 24100000}
  m_SnapshotID: 065f201b1676d2c47a0afadd2f18b492
  m_FloatValues:
    235f7e41b5c9dff41be81e76a67c90f1: -3.5433447
    5e3735a211fb8474d9ac9211c4c30cec: -0.02577656
    522023ab9cc0fdb4791d93532c09d360: 0.04171297
  m_TransitionOverrides: {}
--- !u!243 &243014524977941448
AudioMixerGroupController:
  m_ObjectHideFlags: 0
  m_PrefabParentObject: {fileID: 0}
  m_PrefabInternal: {fileID: 0}
  m_Name: Sun Rumble
  m_AudioMixer: {fileID: 24100000}
  m_GroupID: c40c7379fddf28a4c9e7f67c1b1b1193
  m_Children: []
  m_Volume: 522023ab9cc0fdb4791d93532c09d360
  m_Pitch: 95adb1edf76d95e4bb701ee619916eca
  m_Effects:
  - {fileID: 244467005314180754}
  m_UserColorIndex: 0
  m_Mute: 0
  m_Solo: 0
  m_BypassEffects: 0
--- !u!243 &243538955812020760
AudioMixerGroupController:
  m_ObjectHideFlags: 0
  m_PrefabParentObject: {fileID: 0}
  m_PrefabInternal: {fileID: 0}
  m_Name: Music
  m_AudioMixer: {fileID: 24100000}
  m_GroupID: 6fc3f25133c87ea4799e090c360978e7
  m_Children: []
  m_Volume: 5e3735a211fb8474d9ac9211c4c30cec
  m_Pitch: 9d242671d158f3e4bb69ed06ee73c1e3
  m_Effects:
  - {fileID: 244547027579996928}
  m_UserColorIndex: 0
  m_Mute: 0
  m_Solo: 0
  m_BypassEffects: 0
--- !u!243 &243568862594262872
AudioMixerGroupController:
  m_ObjectHideFlags: 0
  m_PrefabParentObject: {fileID: 0}
  m_PrefabInternal: {fileID: 0}
  m_Name: Ship Thrusters
  m_AudioMixer: {fileID: 24100000}
  m_GroupID: 430e234538e844746bf8c8007b6d20eb
  m_Children: []
  m_Volume: 235f7e41b5c9dff41be81e76a67c90f1
  m_Pitch: 122d911db61957741bb273cbb05a6e55
  m_Effects:
  - {fileID: 244251177825569498}
  m_UserColorIndex: 0
  m_Mute: 0
  m_Solo: 0
  m_BypassEffects: 0
--- !u!244 &244251177825569498
AudioMixerEffectController:
  m_ObjectHideFlags: 3
  m_PrefabParentObject: {fileID: 0}
  m_PrefabInternal: {fileID: 0}
  m_Name: 
  m_EffectID: 763f12d242fdacc43b659529283dc4e2
  m_EffectName: Attenuation
  m_MixLevel: ffdaf2a4d57b58544a1bdd41622a6fbd
  m_Parameters: []
  m_SendTarget: {fileID: 0}
  m_EnableWetMix: 0
  m_Bypass: 0
--- !u!244 &244467005314180754
AudioMixerEffectController:
  m_ObjectHideFlags: 3
  m_PrefabParentObject: {fileID: 0}
  m_PrefabInternal: {fileID: 0}
  m_Name: 
  m_EffectID: e0b3ec224af1f204e840ca579e3d0967
  m_EffectName: Attenuation
  m_MixLevel: 5cd73017017c61a4dbcb83bc7dd8eecb
  m_Parameters: []
  m_SendTarget: {fileID: 0}
  m_EnableWetMix: 0
  m_Bypass: 0
--- !u!244 &244547027579996928
AudioMixerEffectController:
  m_ObjectHideFlags: 3
  m_PrefabParentObject: {fileID: 0}
  m_PrefabInternal: {fileID: 0}
  m_Name: 
  m_EffectID: ae16ecd5f4ae1754590e2040d50e39c7
  m_EffectName: Attenuation
  m_MixLevel: 8591f8df2aa7c464090eddb15fcc8b35
  m_Parameters: []
  m_SendTarget: {fileID: 0}
  m_EnableWetMix: 0
  m_Bypass: 0
